<?xml version="1.0" encoding="UTF-8"?><collection xmlns="http://www.loc.gov/MARC21/slim"><record><leader>00429nam--2200145-i-4500</leader><controlfield tag="001">000025331</controlfield><controlfield tag="002">20161230</controlfield><controlfield tag="005">20161230201035</controlfield><controlfield tag="008">060222s1000------------r-----000-0-eng-d</controlfield><datafield ind1=" " ind2=" " tag="100"><subfield code="a">Ilyin, V.A</subfield></datafield><datafield ind1=" " ind2=" " tag="245"><subfield code="a">Poznyak, e.g</subfield></datafield><datafield ind1=" " ind2=" " tag="260"><subfield code="a">FUNDAMENTALS OF MATHEMATICAL ANALYSIS. TRANSLATED FROM RUSSIAN BY VLADIMIR SHOKUROV Part 2</subfield></datafield><datafield ind1=" " ind2=" " tag="490"><subfield code="a">Moscow, Mir Publication, 1980. 637p</subfield></datafield><datafield ind1=" " ind2=" " tag="852"><subfield code="a">70746</subfield><subfield code="c">517</subfield></datafield><datafield ind1=" " ind2=" " tag="CAT"><subfield code="a">Sys</subfield><subfield code="c">20080707</subfield><subfield code="h">125844</subfield></datafield></record></collection>